@book{anova,
  title={ANOVA: Repeated measures},
  author={Girden, Ellen R},
  number={84},
  year={1992},
  publisher={Sage}
}

@article{mutual-info,
  title={Estimating mutual information},
  author={Kraskov, Alexander and St{\"o}gbauer, Harald and Grassberger, Peter},
  journal={Physical review E},
  volume={69},
  number={6},
  pages={066138},
  year={2004},
  publisher={APS}
}

@book{decisiontrees,
  title={Classification and regression trees},
  author={Breiman, Leo},
  year={2017},
  publisher={Routledge}
}

@article{svm,
author="Cortes, Corinna
and Vapnik, Vladimir",
title="Support-vector networks",
journal="Machine Learning",
year="1995",
month="Sep",
day="01",
volume="20",
number="3",
pages="273--297",
abstract="Thesupport-vector network is a new learning machine for two-group classification problems. The machine conceptually implements the following idea: input vectors are non-linearly mapped to a very high-dimension feature space. In this feature space a linear decision surface is constructed. Special properties of the decision surface ensures high generalization ability of the learning machine. The idea behind the support-vector network was previously implemented for the restricted case where the training data can be separated without errors. We here extend this result to non-separable training data.",
issn="1573-0565",
doi="10.1007/BF00994018",
url="https://doi.org/10.1007/BF00994018"
}

@article{knn,
  title={Survey of nearest neighbor techniques},
  author={Bhatia, Nitin and others},
  journal={arXiv preprint arXiv:1007.0085},
  year={2010}
}

@article{randomforests,
  title={Random forests},
  author={Breiman, Leo},
  journal={Machine learning},
  volume={45},
  number={1},
  pages={5--32},
  year={2001},
  publisher={Springer}
}

@incollection{mlp,
  title={Connectionist learning procedures},
  author={Hinton, Geoffrey E},
  booktitle={Machine Learning, Volume III},
  pages={555--610},
  year={1990},
  publisher={Elsevier}
}

@article{adaboost,
  title={A decision-theoretic generalization of on-line learning and an application to boosting},
  author={Freund, Yoav and Schapire, Robert E},
  journal={Journal of computer and system sciences},
  volume={55},
  number={1},
  pages={119--139},
  year={1997},
  publisher={Elsevier}
}

@article{franzin2017effect,
  title={Effect of transformations of numerical parameters in automatic algorithm configuration},
  author={Franzin, Alberto and C{\'a}ceres, Leslie P{\'e}rez and St{\"u}tzle, Thomas},
  journal={Optimization Letters},
  pages={1--13},
  year={2017},
  publisher={Springer}
}

@online{fashion,
  author       = {Han Xiao and Kashif Rasul and Roland Vollgraf},
  title        = {Fashion-MNIST: a Novel Image Dataset for Benchmarking Machine Learning Algorithms},
  date         = {2017-08-28},
  year         = {2017},
  eprintclass  = {cs.LG},
  eprinttype   = {arXiv},
  eprint       = {cs.LG/1708.07747},
}

@article{svhn,
  title={Reading digits in natural images with unsupervised feature learning},
  author={Netzer, Yuval and Wang, Tao and Coates, Adam and Bissacco, Alessandro and Wu, Bo and Ng, Andrew Y},
  year={2011}
}

@techreport{cifar,
  title={Learning multiple layers of features from tiny images},
  author={Krizhevsky, Alex and Hinton, Geoffrey and others},
  year={2009},
  institution={Citeseer}
}

@InProceedings{lmrd,
  author    = {Maas, Andrew L.  and  Daly, Raymond E.  and  Pham, Peter T.  and  Huang, Dan  and  Ng, Andrew Y.  and  Potts, Christopher},
  title     = {Learning Word Vectors for Sentiment Analysis},
  booktitle = {Proceedings of the 49th Annual Meeting of the Association for Computational Linguistics: Human Language Technologies},
  month     = {June},
  year      = {2011},
  address   = {Portland, Oregon, USA},
  publisher = {Association for Computational Linguistics},
  pages     = {142--150},
  url       = {http://www.aclweb.org/anthology/P11-1015}
}

@article{reuters,
  title={Reuters-21578 text categorization test collection, distribution 1.0},
  author={Lewis, David},
  journal={http://www.daviddlewis.com/resources/testcollections/reuters21578/},
  year={1997},
  publisher={AT\&T Labs-Research}
}

@article{agnews,
  title={Character-level convolutional networks for text classification},
  author={Zhang, Xiang and Zhao, Junbo and LeCun, Yann},
  journal={arXiv preprint arXiv:1509.01626},
  year={2015}
}